<record><leader>00000cas a22000007a 4500</leader><controlfield tag="001">13416140</controlfield><controlfield tag="008">860410c19849999wvuwr ne      0    0eng d</controlfield><datafield ind1=" " ind2=" " tag="010"><subfield code="a">sn 86092485 </subfield></datafield><datafield ind1=" " ind2=" " tag="040"><subfield code="a">WVC</subfield><subfield code="b">eng</subfield><subfield code="c">WVC</subfield><subfield code="d">OCL</subfield><subfield code="d">OCLCQ</subfield></datafield><datafield ind1=" " ind2=" " tag="042"><subfield code="a">msc</subfield></datafield><datafield ind1="0" ind2="4" tag="245"><subfield code="a">The Oceana sun.</subfield></datafield><datafield ind1=" " ind2=" " tag="260"><subfield code="a">Oceana, W. Va. :</subfield><subfield code="b">Dr. David H. Corcoran,</subfield><subfield code="c">1984-</subfield></datafield><datafield ind1=" " ind2=" " tag="300"><subfield code="a">v.</subfield></datafield><datafield ind1=" " ind2=" " tag="310"><subfield code="a">Weekly</subfield></datafield><datafield ind1="0" ind2=" " tag="362"><subfield code="a">Vol. 1, no. 1 (Sept. 28, 1984)-</subfield></datafield><datafield ind1=" " ind2=" " tag="500"><subfield code="a">Editors: Harrison Goad, 1984; Joyce Harman, 1985-</subfield></datafield><datafield ind1=" " ind2=" " tag="752"><subfield code="a">United States</subfield><subfield code="b">West Virginia</subfield><subfield code="c">Wyoming</subfield><subfield code="d">Oceana.</subfield></datafield></record>